@article{bhagat2017,
  title = {Degradable Adhesives for Surgery and Tissue Engineering},
  author = {Bhagat, Vrushali and Becker, Matthew L.},
  year = {2017},
  journal = {Biomacromolecules},
  volume = {18},
  number = {10},
  pages = {3009--3039},
  issn = {1525-7797, 1526-4602}
}

@article{bittencourt2022,
  title = {Bioengineering of Spider Silks for the Production of Biomedical Materials},
  author = {Bittencourt, Daniela Matias De C. and Oliveira, Paula and {Michalczechen-Lacerda}, Valqu{\'i}ria Alice and Rosinha, Gr{\'a}cia Maria Soares and Jones, Justin A. and Rech, Elibio L.},
  year = {2022},
  journal = {Frontiers in Bioengineering and Biotechnology},
  volume = {10},
  pages = {958486},
  issn = {2296-4185}
}

@article{brennan2017,
  title = {A Bioinspired Elastin-Based Protein for a Cytocompatible Underwater Adhesive},
  author = {Brennan, M. Jane and Kilbride, Bridget F. and Wilker, Jonathan J. and Liu, Julie C.},
  year = {2017},
  journal = {Biomaterials},
  volume = {124},
  pages = {116--125},
  issn = {01429612}
}

@article{doblhofer2015,
  title = {To Spin or Not to Spin: Spider Silk Fibers and More},
  shorttitle = {To Spin or Not to Spin},
  author = {Doblhofer, Elena and Heidebrecht, Aniela and Scheibel, Thomas},
  year = {2015},
  journal = {Applied Microbiology and Biotechnology},
  volume = {99},
  number = {22},
  pages = {9361--9380},
  issn = {0175-7598, 1432-0614}
}

@article{doolan2023,
  title = {Next-Generation Protein-Based Materials Capture and Preserve Projectiles from Supersonic Impacts},
  author = {Doolan, Jack A. and Alesbrook, Luke S. and Baker, Karen and Brown, Ian R. and Williams, George T. and Hilton, Kira L. F. and Tabata, Makoto and Wozniakiewicz, Penelope J. and Hiscock, Jennifer R. and Goult, Benjamin T.},
  year = {2023},
  journal = {Nature Nanotechnology},
  volume = {18},
  number = {9},
  pages = {1060--1066},
  issn = {1748-3387, 1748-3395}
}

@article{fahnestock2000,
  title = {Microbial Production of Spider Silk Proteins},
  author = {Fahnestock, Stephen R and Yao, Zhongjie and Bedzyk, Laura A},
  year = {2000},
  journal = {Reviews in Molecular Biotechnology},
  volume = {74},
  number = {2},
  pages = {105--119},
  issn = {13890352}
}

@article{frey2022,
  title = {Octopus-Inspired Adhesive Skins for Intelligent and Rapidly Switchable Underwater Adhesion},
  author = {Frey, Sean T. and Haque, A. B. M. Tahidul and Tutika, Ravi and Krotz, Elizabeth V. and Lee, Chanhong and Haverkamp, Cole B. and Markvicka, Eric J. and Bartlett, Michael D.},
  year = {2022},
  journal = {Science Advances},
  volume = {8},
  number = {28},
  pages = {eabq1905},
  issn = {2375-2548}
}

@article{harrington2021,
  title = {Natural Load-Bearing Protein Materials},
  author = {Harrington, Matthew J. and Fratzl, Peter},
  year = {2021},
  journal = {Progress in Materials Science},
  volume = {120},
  pages = {100767},
  issn = {00796425},
  lccn = {1}
}

@article{heinritz2023,
  title = {Bio-inspired Protein-Based and Activatable Adhesion Systems},
  author = {Heinritz, Christina and Ng, Xuen J. and Scheibel, Thomas},
  year = {2023},
  journal = {Advanced Functional Materials},
  pages = {2303609},
  issn = {1616-301X, 1616-3028}
}

@article{hu2021,
  title = {Design Strategies to Tune the Structural and Mechanical Properties of Synthetic Collagen Hydrogels},
  author = {Hu, Jinyuan and Wang, Jie and Zhu, Xiaonan and Tu, Raymond S. and Nanda, Vikas and Xu, Fei},
  year = {2021},
  journal = {Biomacromolecules},
  volume = {22},
  number = {8},
  pages = {3440--3450},
  issn = {1525-7797, 1526-4602}
}

@article{jiang2023d,
  title = {Designed Multifunctional Spider Silk Enabled by Genetically Encoded Click Chemistry},
  author = {Jiang, Bojing and Tan, Sin Yen and Fang, Shiyu and Feng, Xiaohan and Park, Byung Min and Fok, Hong Kiu Francis and Yang, Zhongguang and Wang, Ri and Kou, Songzi and Wu, Angela Ruohao and Sun, Fei},
  year = {2023},
  journal = {Advanced Functional Materials},
  volume = {33},
  number = {43},
  pages = {2304143},
  issn = {1616-301X, 1616-3028}
}

@article{jiang2023e,
  title = {One Stone, Two Birds: Spidroin-Inspired Nanogels for High-Performance Fibers and Photothermal Actuators},
  shorttitle = {One Stone, Two Birds},
  author = {Jiang, Yuanzhang and Wang, Cong and Zhang, Shuai and Tan, Lin and Hu, Jinlian},
  year = {2023},
  journal = {Advanced Functional Materials},
  volume = {33},
  number = {35},
  pages = {2303387},
  issn = {1616-301X, 1616-3028}
}

@article{jin2022,
  title = {Secretory Production of Spider Silk Proteins in Metabolically Engineered Corynebacterium Glutamicum for Spinning into Tough Fibers},
  author = {Jin, Qing and Pan, Fang and Hu, Chun-Fei and Lee, Sang Yup and Xia, Xiao-Xia and Qian, Zhi-Gang},
  year = {2022},
  journal = {Metabolic Engineering},
  volume = {70},
  pages = {102--114},
  issn = {10967176}
}

@article{khan2023,
  title = {Recent Developments in Artificial Spider Silk and Functional Gel Fibers},
  author = {Khan, Abdul Qadeer and Shafiq, Muhammad and Li, Jiatian and Yu, Kaiqing and Liu, Zunfeng and Zhou, Xiang and Zhu, Meifang},
  year = {2023},
  journal = {SmartMat},
  volume = {4},
  number = {6},
  pages = {e1189},
  issn = {2766-8525, 2688-819X}
}

@article{kronqvist2017,
  title = {Efficient Protein Production Inspired by How Spiders Make Silk},
  author = {Kronqvist, Nina and Sarr, M{\'e}doune and Lindqvist, Anton and Nordling, Kerstin and Otikovs, Martins and Venturi, Luca and Pioselli, Barbara and Purhonen, Pasi and Landreh, Michael and Biverst{\aa}l, Henrik and Toleikis, Zigmantas and Sj{\"o}berg, Lisa and Robinson, Carol V. and Pelizzi, Nicola and J{\"o}rnvall, Hans and Hebert, Hans and Jaudzems, Kristaps and Curstedt, Tore and Rising, Anna and Johansson, Jan},
  year = {2017},
  journal = {Nature Communications},
  volume = {8},
  number = {1},
  pages = {15504},
  issn = {2041-1723}
}

@article{lee2023c,
  title = {Protein-Based Hydrogels and Their Biomedical Applications},
  author = {Lee, Kok Zhi and Jeon, Juya and Jiang, Bojing and Subramani, Shri Venkatesh and Li, Jingyao and Zhang, Fuzhong},
  year = {2023},
  journal = {Molecules},
  volume = {28},
  number = {13},
  pages = {4988},
  issn = {1420-3049}
}

@article{li2020,
  title = {Bioinspired and Mechanically Strong Fibers Based on Engineered Non-Spider Chimeric Proteins},
  author = {Li, Yuanxin and Li, Jingjing and Sun, Jing and He, Haonan and Li, Bo and Ma, Chao and Liu, Kai and Zhang, Hongjie},
  year = {2020},
  journal = {Angewandte Chemie International Edition},
  volume = {59},
  number = {21},
  pages = {8148--8152},
  issn = {1433-7851, 1521-3773}
}

@article{li2021b,
  title = {Microbially Synthesized Polymeric Amyloid Fiber Promotes {$\beta$}-Nanocrystal Formation and Displays Gigapascal Tensile Strength},
  author = {Li, Jingyao and Zhu, Yaguang and Yu, Han and Dai, Bin and Jun, Young-Shin and Zhang, Fuzhong},
  year = {2021},
  journal = {ACS Nano},
  volume = {15},
  number = {7},
  pages = {11843--11853},
  issn = {1936-0851, 1936-086X}
}

@article{li2023f,
  title = {Bi-Terminal Fusion of Intrinsically-Disordered Mussel Foot Protein Fragments Boosts Mechanical Strength for Protein Fibers},
  author = {Li, Jingyao and Jiang, Bojing and Chang, Xinyuan and Yu, Han and Han, Yichao and Zhang, Fuzhong},
  year = {2023},
  journal = {Nature Communications},
  volume = {14},
  number = {1},
  pages = {2127},
  issn = {2041-1723}
}

@article{li2023g,
  title = {Biomass-Derived Fiber Materials for Biomedical Applications},
  author = {Li, Daixiu and Wang, Yilin and Huang, Wenhua and Gong, Haihuan},
  year = {2023},
  journal = {Frontiers in Materials},
  volume = {10},
  pages = {1058050},
  issn = {2296-8016}
}

@article{ma2021a,
  title = {Ultra-Strong Bio-Glue from Genetically Engineered Polypeptides},
  author = {Ma, Chao and Sun, Jing and Li, Bo and Feng, Yang and Sun, Yao and Xiang, Li and Wu, Baiheng and Xiao, Lingling and Liu, Baimei and Petrovskii, Vladislav S. and {Bin Liu} and Zhang, Jinrui and Wang, Zili and Li, Hongyan and Zhang, Lei and Li, Jingjing and Wang, Fan and G{\"{\cyrchar\cyro}}stl, Robert and Potemkin, Igor I. and Chen, Dong and Zeng, Hongbo and Zhang, Hongjie and Liu, Kai and Herrmann, Andreas},
  year = {2021},
  journal = {Nature Communications},
  volume = {12},
  number = {1},
  pages = {3613},
  issn = {2041-1723}
}

@article{ou2023,
  title = {Bioprinting Microporous Functional Living Materials from Protein-Based Core-Shell Microgels},
  author = {Ou, Yangteng and Cao, Shixiang and Zhang, Yang and Zhu, Hongjia and Guo, Chengzhi and Yan, Wei and Xin, Fengxue and Dong, Weiliang and Zhang, Yanli and Narita, Masashi and Yu, Ziyi and Knowles, Tuomas P. J.},
  year = {2023},
  journal = {Nature Communications},
  volume = {14},
  number = {1},
  pages = {322},
  issn = {2041-1723},
  lccn = {1}
}

@article{su2022,
  title = {Engineering High Strength and Super-Toughness of Unfolded Structural Proteins and Their Extraordinary Anti-Adhesion Performance for Abdominal Hernia Repair},
  author = {Su, Juanjuan and Liu, Baimei and He, Haonan and Ma, Chao and Wei, Bo and Li, Ming and Li, Jingjing and Wang, Fan and Sun, Jing and Liu, Kai and Zhang, Hongjie},
  year = {2022},
  journal = {Advanced Materials},
  volume = {34},
  number = {19},
  pages = {2200842},
  issn = {0935-9648, 1521-4095}
}

@article{sun2023,
  title = {Artificial Spider Silk with Buckled Sheath by Nano-Pulley Combing},
  author = {Sun, Jinkun and Guo, Wenjin and Mei, Guangkai and Wang, Songli and Wen, Kai and Wang, Meilin and Feng, Danyang and Qian, Dong and Zhu, Meifang and Zhou, Xiang and Liu, Zunfeng},
  year = {2023},
  journal = {Advanced Materials},
  volume = {35},
  number = {32},
  pages = {2212112},
  issn = {0935-9648, 1521-4095}
}

@article{wang2022aa,
  title = {Molecularly Engineered Protein Glues with Superior Adhesion Performance},
  author = {Wang, Zili and Gu, Xinquan and Li, Bo and Li, Jingjing and Wang, Fan and Sun, Jing and Zhang, Hongjie and Liu, Kai and Guo, Weisheng},
  year = {2022},
  journal = {Advanced Materials},
  volume = {34},
  number = {41},
  pages = {2204590},
  issn = {0935-9648, 1521-4095}
}

@article{wilson2023,
  title = {Role of Protein Aggregate Structure on the Strength and Underwater Performance of Barnacle-Inspired Adhesives},
  author = {Wilson, Michael C. and Beasley, Maryssa A. and Fears, Kenan P. and Yates, Elizabeth A. and So, Christopher R.},
  year = {2023},
  journal = {Soft Matter},
  volume = {19},
  number = {23},
  pages = {4254--4264},
  issn = {1744-683X, 1744-6848}
}

@article{wu2023a,
  title = {A Review of Flexible Strain Sensors Based on Natural Fiber Materials},
  author = {Wu, Yuting and Tang, Jian and Ma, Shidong and Zhang, Keqin and Yan, Tao and Pan, Zhijuan},
  year = {2023},
  journal = {Advanced Materials Technologies},
  volume = {8},
  number = {7},
  pages = {2201503},
  issn = {2365-709X, 2365-709X}
}

@article{xia2010,
  title = {Native-Sized Recombinant Spider Silk Protein Produced in Metabolically Engineered {\emph{Escherichia Coli}} Results in a Strong Fiber},
  author = {Xia, Xiao-Xia and Qian, Zhi-Gang and Ki, Chang Seok and Park, Young Hwan and Kaplan, David L. and Lee, Sang Yup},
  year = {2010},
  journal = {Proceedings of the National Academy of Sciences},
  volume = {107},
  number = {32},
  pages = {14059--14063},
  issn = {0027-8424, 1091-6490}
}

@article{yang2014,
  title = {In Vivo Residue-Specific Dopa-Incorporated Engineered Mussel Bioglue with Enhanced Adhesion and Water Resistance},
  author = {Yang, Byeongseon and Ayyadurai, Niraikulam and Yun, Hyungdon and Choi, Yoo Seong and Hwang, Byeong Hee and Huang, Jun and Lu, Qingye and Zeng, Hongbo and Cha, Hyung Joon},
  year = {2014},
  journal = {Angewandte Chemie},
  volume = {126},
  number = {49},
  pages = {13578--13582},
  issn = {0044-8249, 1521-3757}
}

@article{zhang2022b,
  title = {Bioengineered Protein Fibers with Anti-Freezing Mechanical Behaviors},
  author = {Zhang, Peng and Li, Jingjing and Sun, Jing and Li, Yuanxin and Liu, Kai and Wang, Fan and Zhang, Hongjie and Su, Juanjuan},
  year = {2022},
  journal = {Advanced Functional Materials},
  volume = {32},
  number = {48},
  pages = {2209006},
  issn = {1616-301X, 1616-3028}
}

@article{zhang2023b,
  title = {Biosynthesis, Assembly, and Biomedical Applications of High-Performance Engineered Proteins},
  author = {Zhang, Peng and Sun, Jing and Li, Jingjing and Zhang, Hongjie and Liu, Kai},
  year = {2023},
  journal = {ACS Chemical Biology},
  volume = {18},
  number = {7},
  pages = {1460--1472},
  issn = {1554-8929, 1554-8937}
}

@article{zhang2023e,
  title = {Extraction, Bioactive Function and Application of Wheat Germ Protein/Peptides: A Review},
  shorttitle = {Extraction, Bioactive Function and Application of Wheat Germ Protein/Peptides},
  author = {Zhang, Zhi-hui and Cheng, Wei-long and Li, Xiu-de and Wang, Xin and Yang, Fang-wei and Xiao, Jun-song and Li, Yi-xuan and Zhao, Guo-ping},
  year = {2023},
  journal = {Current Research in Food Science},
  volume = {6},
  pages = {100512},
  issn = {26659271}
}

@article{zhao2017,
  title = {Bio-Inspired Reversible Underwater Adhesive},
  author = {Zhao, Yanhua and Wu, Yang and Wang, Liang and Zhang, Manman and Chen, Xuan and Liu, Minjie and Fan, Jun and Liu, Junqiu and Zhou, Feng and Wang, Zuankai},
  year = {2017},
  journal = {Nature Communications},
  volume = {8},
  number = {1},
  pages = {2218},
  issn = {2041-1723}
}

@article{zhao2023e,
  title = {Neuron-Inspired Sticky Artificial Spider Silk for Signal Transmission},
  author = {Zhao, Weiqiang and Shao, Fei and Sun, Fuqin and Su, Zihao and Liu, Shiyong and Zhang, Ting and Zhu, Meifang and Liu, Zunfeng and Zhou, Xiang},
  year = {2023},
  journal = {Advanced Materials},
  volume = {35},
  number = {32},
  pages = {2300876},
  issn = {0935-9648, 1521-4095}
}
